
@phdthesis{degenne_approche_2012,
	title = {Une approche générique de modélisation spatiale et temporelle: application à la modélisation de la dynamique des paysages},
	shorttitle = {Une approche générique de modélisation spatiale et temporelle},
	url = {http://tel.archives-ouvertes.fr/tel-00786490/},
	urldate = {2014-12-14},
	school = {Université Paris-Est},
	author = {Degenne, Pascal},
	year = {2012},
	file = {[PDF] à partir de archives-ouvertes.fr:/Users/crousson/Library/Application Support/Zotero/Profiles/vpkxgkve.default/zotero/storage/2MXUW3C7/Degenne - 2012 - Une approche générique de modélisation spatiale et.pdf:application/pdf;Snapshot:/Users/crousson/Library/Application Support/Zotero/Profiles/vpkxgkve.default/zotero/storage/HNC5C39W/tel-00786490.html:text/html}
}

@inproceedings{castets_integration_2014,
	title = {Intégration de plusieurs formes de représentations spatiales dans un modèle de simulation.},
	url = {http://www2.lirmm.fr/~poncelet/publications/papers/egc2014demoOcelet.pdf},
	urldate = {2014-12-14},
	booktitle = {{EGC}},
	author = {Castets, Mathieu and Degenne, Pascal and Seen, Danny Lo and Poncelet, Pascal},
	year = {2014},
	pages = {597--600},
	file = {[PDF] à partir de lirmm.fr:/Users/crousson/Library/Application Support/Zotero/Profiles/vpkxgkve.default/zotero/storage/KSZ6Z955/Castets et al. - 2014 - Intégration de plusieurs formes de représentations.pdf:application/pdf}
}

@article{verburg_modeling_2002,
	title = {Modeling the spatial dynamics of regional land use: the {CLUE}-{S} model},
	volume = {30},
	shorttitle = {Modeling the spatial dynamics of regional land use},
	url = {http://link.springer.com/article/10.1007/s00267-002-2630-x},
	number = {3},
	urldate = {2014-12-14},
	journal = {Environmental management},
	author = {Verburg, Peter H. and Soepboer, Welmoed and Veldkamp, A. and Limpiada, Ramil and Espaldon, Victoria and Mastura, Sharifah SA},
	year = {2002},
	pages = {391--405},
	file = {[PDF] à partir de researchgate.net:/Users/crousson/Library/Application Support/Zotero/Profiles/vpkxgkve.default/zotero/storage/T3BTJAM4/Verburg et al. - 2002 - Modeling the spatial dynamics of regional land use.pdf:application/pdf;Snapshot:/Users/crousson/Library/Application Support/Zotero/Profiles/vpkxgkve.default/zotero/storage/I79S2DJQ/s00267-002-2630-x.html:text/html}
}

@book{bavaud_handbook_2009,
	title = {Handbook of theoretical and quantitative geography},
	publisher = {Université de Lausanne, Faculté de géosciencies et de l'environment},
	editor = {Bavaud, François and Mager, Christopher},
	year = {2009},
	file = {Handbook of Theoritical and Quantitative Geography.pdf:/Users/crousson/Library/Application Support/Zotero/Profiles/vpkxgkve.default/zotero/storage/SEJXKACK/Handbook of Theoritical and Quantitative Geography.pdf:application/pdf}
}

@book{sanders_models_2010,
	title = {Models in {Spatial} {Analysis}},
	isbn = {978-0-470-39448-9},
	abstract = {This title provides a broad overview of the different types of models used in advanced spatial analysis. The models concern spatial organization, location factors and spatial interaction patterns from both static and dynamic perspectives.Each chapter gives a broad overview of the subject, covering both theoretical developments and practical applications. The advantages of an interdisciplinary approach are illustrated in the way that the viewpoint of each of the individual disciplines are brought together when considering questions relevant to spatial analysis.The authors of the chapters come from a range of different disciplines (geography, economy, hydrology, ecology, etc.) and are specialists in their field. They use a range of methods and modeling tools developed in mathematics, statistics, artificial intelligence and physics.},
	language = {en},
	publisher = {John Wiley \& Sons},
	author = {Sanders, Lena},
	month = jan,
	year = {2010},
	keywords = {Science / Earth Sciences / Geography}
}

@article{pumain_les_2001,
	title = {Les interactions spatiales},
	journal = {Cursus Géographie, Armand Colin, Paris},
	author = {Pumain, Denise and Saint-Julien, Thérèse},
	year = {2001}
}

@article{torre_quand_2013,
	title = {Quand l’agriculture s’ installe en ville… {Désir} de nature ou contraintes économiques ?},
	url = {http://www.metropolitiques.eu/Quand-l-agriculture-s-installe-en.html},
	abstract = {Dans cet article, André Torre et Lise Bourdeau-Lepage s'interrogent sur la place de la nature en ville à travers la question de l'agriculture},
	journal = {Métropolitiques},
	author = {Torre, André and Bourdeau-Lepage, Lise},
	month = jun,
	year = {2013},
	file = {MET-Torre-BourdeauLepage.pdf:/Users/crousson/Documents/TETIS/Biblio/151025/MET-Torre-BourdeauLepage.pdf:application/pdf}
}

@article{balestrat_reconnaissance_2011,
	title = {Reconnaissance du patrimoine agronomique des sols : une démarche novatrice en {Languedoc}-{Roussillon}.},
	volume = {221},
	copyright = {© Presses univ. de Rennes},
	issn = {0029-182X},
	shorttitle = {Reconnaissance du patrimoine agronomique des sols},
	url = {http://www.cairn.info/article.php?ID_ARTICLE=NOR_221_0083},
	language = {fr},
	number = {4},
	urldate = {2014-12-19},
	journal = {Norois},
	author = {Balestrat, Maud and Barbe, {\'E}ric and Chery, Jean-Pierre and Lagacherie, Philippe and Tonneau, Jean-Philippe},
	month = dec,
	year = {2011},
	pages = {83--96},
	file = {Snapshot:/Users/crousson/Library/Application Support/Zotero/Profiles/vpkxgkve.default/zotero/storage/CVFJR57N/revue-norois-2011-4-page-83.html:text/html}
}

@inproceedings{maurel_apprentissage_2008,
	address = {Québec, Canada},
	title = {Apprentissage collectif pour décider de l'avenir du territoire de {Thau} : premiers retours d'une approche combinant politique publique et participation},
	shorttitle = {Apprentissage collectif pour décider de l'avenir du territoire de {Thau}},
	url = {https://hal.archives-ouvertes.fr/hal-00468559},
	abstract = {Les politiques publiques en France pour l'aménagement du territoire à un niveau local tendent vers des approches de plus en plus transversales, guidées par le principe du développement durable, et débouchant sur des « projets de territoire ». De plus, la loi impose une participation croissante des acteurs concernés et plus largement de la société civile. Ce contexte remet en cause, du moins dans les discours, le modèle de décision dominant basé sur la démocratie représentative au profit d'une gouvernance participative. « Développement durable » et « participation » font désormais partie des mots-clés incontournables de tout nouveau projet de territoire. En pratique, ces injonctions de démocratie participative génèrent selon les acteurs toute une gamme de réactions allant de l'enthousiasme sincère au rejet d'un tel changement en passant par la curiosité, l'incrédulité, la récupération politique ou des stratégies opportunistes. Les finalités de la participation sont également multiples selon les cas et pas toujours bien explicités et donc bien partagés par les participants. Dans la plupart des cas, au delà des stratégies cyniques de participation de façade, la finalité reste du domaine de l'innovation en management de projet comme en témoignent les objectifs cités dans les nombreux guides méthodologiques récents sur la participation. Il s'agit alors de profiter des savoirs locaux pour affiner le diagnostic, d'associer les acteurs et les citoyens de différentes manières à la réflexion pour renforcer leur acceptation des décisions et des plans d'actions. Mais globalement, le processus de prise de décision et la distribution des pouvoirs restent les mêmes. Une autre finalité, beaucoup plus ambitieuse et idéaliste, est de lutter contre une forme généralisée d'indifférence citoyenne vis à vis de l'aménagement local du territoire et d'arriver à retisser des liens de confiance entre pouvoir politique et société civile. Les deux finalités ne sont pas forcément incompatibles, la seconde pouvant se nourrir de la première par apprentissage progressif et cumulatif à partir d'expériences participatives de projets de développement local sur un même territoire. L'importance d'une entrée informationnelle et communicationnelle pour étudier les processus d'aménagement et de développement territorial avait déjà été soulignée par la DATAR en 1998 : « Le développement territorial est une organisation à construire par de l'information en reliant des acteurs publics et privés, engagés dans une dynamique de projet sur un territoire». Cette entrée a ensuite été théorisée par des chercheurs en sciences de l'information et de la communication qui ont développé le concept « d'intelligence territoriale ». Bertacchini (2004) en donne la définition suivante : « On peut considérer l'intelligence territoriale comme un processus informationnel et anthropologique, régulier et continu, initié par des acteurs locaux physiquement présents et/ou distants qui s'approprient les ressources d'un espace en mobilisant puis en transformant l'énergie du système territorial en capacité de projet ». L'objectif de notre article est d'étudier du point de vue informationnel et communicationnel comment des processus participatifs de planification territoriale peuvent contribuer à élever le degré d'intelligence territoriale d'un territoire donné, et donc in fine, à faire évoluer l'ensemble du processus de décision territoriale. Nous nous concentrerons pour le moment sur des micro-évènements d'un processus participatif à plus long terme pour la planification d'un territoire côtier. Après avoir présenté dans une première partie la méthodologie employée et notre cadre théorique d'analyse, nous décrirons dans un deuxième temps les dimensions physique, institutionnelle et sociétale du territoire étudié. Puis nous aborderons dans une troisième partie la genèse et l'organisation du processus participatif mis en place sur ce territoire. Nous présenterons alors différents outils d'information et de communication mobilisés dans certaines étapes du processus en détaillant leurs usages et leurs effets. Nous conclurons alors cet article en tirant les premières leçons de cette expérience et en présentant les recherches programmées sur ce territoire pour les trois années à venir.},
	urldate = {2015-03-29},
	booktitle = {Conférence {OPDE} 2008 ({Les} {Outils} pour {Décider} {Ensemble})},
	author = {Maurel, P.},
	month = jun,
	year = {2008},
	keywords = {ACTEUR LOCAL, AMENAGEMENT DU TERRITOIRE, APPRENTISSAGE COLLECTIF, BASSIN DE THAU, DEMOCRATIE PARTICIPATIVE, DEVELOPPEMENT DURABLE, DIAGNOSTIC, IN℡LIGENCE TERRITORIALE, participation, PLANIFICATION, planification territoriale, POLITIQUE PUBLIQUE, REPRESENTATION SPATIALE, THAU},
	pages = {25 p.},
	file = {HAL Snapshot:/Users/crousson/Library/Application Support/Zotero/Profiles/vpkxgkve.default/zotero/storage/ZJB2C483/hal-00468559.html:text/html;MT2008-PUB00025203.pdf:/Users/crousson/Library/Application Support/Zotero/Profiles/vpkxgkve.default/zotero/storage/43MIIJED/MT2008-PUB00025203.pdf:application/pdf}
}

@article{nahmias_pour_2012,
	title = {Pour une définition de l’agriculture urbaine : réciprocité fonctionnelle et diversité des formes spatiales},
	volume = {6},
	issn = {1916-4645},
	shorttitle = {Pour une définition de l’agriculture urbaine},
	url = {http://id.erudit.org/iderudit/1013709ar},
	doi = {10.7202/1013709ar},
	language = {fr},
	urldate = {2015-10-25},
	journal = {Environnement Urbain},
	author = {Nahmías, Paula and Le Caro, Yvon},
	year = {2012},
	pages = {1},
	file = {Définition agriculture urbaine.pdf:/Users/crousson/Documents/TETIS/Biblio/151025/Définition agriculture urbaine.pdf:application/pdf}
}

@article{martin-scholz_quand_2013,
	title = {Quand l'information échappe à ses créateurs. {Le} cas de l'artificialisation des terres agricoles en {Languedoc}-{Roussillon}},
	volume = {40},
	copyright = {© Université Lille-3},
	issn = {1270-6841},
	url = {http://www.cairn.info/article.php?ID_ARTICLE=EDC_040_0145},
	language = {fr},
	number = {1},
	urldate = {2015-02-23},
	journal = {Études de communication},
	author = {Martin-Scholz, Anja and Mayere, Anne and Barbe, Eric and Valette, {\'E}lodie and Maurel, Pierre},
	month = nov,
	year = {2013},
	pages = {145--166},
	file = {Quand l’information échappe à ses créateurs. Le cas de l’artificialisation des terres agricoles en Languedoc-Roussillon1.pdf:/Users/crousson/Library/Application Support/Zotero/Profiles/vpkxgkve.default/zotero/storage/Q6SHCKA7/Quand l’information échappe à ses créateurs. Le cas de l’artificialisation des terres agricoles en Languedoc-Roussillon1.pdf:application/pdf;Snapshot:/Users/crousson/Library/Application Support/Zotero/Profiles/vpkxgkve.default/zotero/storage/A2P9V68E/revue-etudes-de-communication-2013-1-page-145.html:text/html}
}

@article{goeldner-gianella_quelle_2010,
	title = {Quelle place pour la géographie dans les études environnementales ?},
	volume = {39},
	copyright = {© Belin},
	issn = {0046-2497},
	url = {http://www.cairn.info/article.php?ID_ARTICLE=EG_394_0289},
	language = {fr},
	number = {4},
	urldate = {2015-02-23},
	journal = {L’Espace géographique},
	author = {Goeldner-Gianella, Lydie},
	month = dec,
	year = {2010},
	keywords = {À consulter, Important},
	pages = {289--294},
	file = {EG_394_0289.pdf:/Users/crousson/Library/Application Support/Zotero/Profiles/vpkxgkve.default/zotero/storage/U3VVDS3P/EG_394_0289.pdf:application/pdf;Snapshot:/Users/crousson/Library/Application Support/Zotero/Profiles/vpkxgkve.default/zotero/storage/DSDAZSNV/revue-espace-geographique-2010-4-page-289.html:text/html}
}

@article{chakir_spatial_2009,
	title = {Spatial {Downscaling} of {Agricultural} {Land}-{Use} {Data}: {An} {Econometric} {Approach} {Using} {Cross} {Entropy}},
	volume = {85},
	issn = {0023-7639, 1543-8325},
	shorttitle = {Spatial {Downscaling} of {Agricultural} {Land}-{Use} {Data}},
	url = {http://le.uwpress.org/content/85/2/238},
	doi = {10.3368/le.85.2.238},
	abstract = {We propose a spatial disaggregation tool to help researchers make the best use of aggregated data in studies of land use. The proposed approach uses parcel-level agricultural data in conjunction with biophysical processes to break down agricultural regional data to the pixel level. It is a two-step procedure. First, we estimate a land-use model using a multinomial logit model. Second, we disaggregate the observed regional data using a generalized cross-entropy approach, taking the first-step predictions as priors. This procedure is applied to the French Picardie region. Results indicate a significant correlation between observed and estimated land-use shares. (JEL C11, C81, Q12, R14)},
	language = {en},
	number = {2},
	urldate = {2015-04-08},
	journal = {Land Economics},
	author = {Chakir, Raja},
	month = may,
	year = {2009},
	keywords = {À récupérer},
	pages = {238--251},
	file = {Snapshot:/Users/crousson/Library/Application Support/Zotero/Profiles/vpkxgkve.default/zotero/storage/DU2HPACF/238.html:text/html}
}

@techreport{vignes_fiches_2013,
	title = {Fiches méthodologiques, méthodes statistiques d’allocation spatiale: interpolation de données surfaciques},
	institution = {Toulouse School of Economics (TSE)},
	author = {Vignes, Céline and Rimbourg, Sarah and Ruiz-Gazen, Anne and Thomas-Agnan, Christine},
	year = {2013}
}

@article{brunet_modeles_2000,
	title = {Des modèles en géographie ? {Sens} d’une recherche},
	volume = {39},
	journal = {Bulletin de la Société de Géographie de Liège},
	author = {Brunet, Roger},
	year = {2000},
	pages = {21--30},
	file = {Brunet.pdf:/Users/crousson/Library/Application Support/Zotero/Profiles/vpkxgkve.default/zotero/storage/XIT8H4DN/Brunet.pdf:application/pdf}
}

@article{bertrand_quelle_2006,
	title = {Quelle contribution de l'agriculture périurbaine à la construction de nouveaux territoires : consensus ou tensions ?},
	volume = {août},
	issn = {0180-7307, 2107-0865},
	shorttitle = {Quelle contribution de l'agriculture périurbaine à la construction de nouveaux territoires},
	url = {http://www.cairn.info/revue-d-economie-regionale-et-urbaine-2006-3-page-329.htm},
	doi = {10.3917/reru.063.0329},
	language = {fr},
	number = {3},
	urldate = {2015-04-13},
	journal = {Revue d'Économie Régionale \& Urbaine},
	author = {Bertrand, Nathalie and Souchard, Nadine and Rousier, Nicole and Martin, Samuel and Micheels, Marie-Christine},
	year = {2006},
	pages = {329}
}

@book{lesage_introduction_2009,
	title = {Introduction to spatial econometrics},
	publisher = {CRC press},
	author = {LeSage, James and Pace, Robert Kelley},
	year = {2009}
}

@book{mathian_objets_2014,
	edition = {ISTE éditions},
	series = {Systèmes d'information géographique},
	title = {Objets géographiques et processus de changement. {Approches} spatio-temporelles},
	isbn = {978178405031},
	abstract = {Spatio-temporal Approaches presents a well-built set of concepts, methods and approaches, in order to represent and understand the evolution of social and environmental phenomena within the space. It is basedon examples in human geography and archeology (which will enable us to explore questions regarding various temporalities) and tackles social and environmental phenomena. Chapter 1 discusses how to apprehend change: objects, attributes, relations, processes.Chapter 2 introduces multiple points of view about modeling and the authors try to shed a new light on the different, but complementary approaches of geomaticians and thematicians. Chapter 3 is devoted to the construction of spatio-temporal indicators, to various measurements of the change, while highlighting the advantage of an approach crossing several points of view, in order to understand the phenomenon at hand. Chapter 4 presents different categories of simulation model in line with complexity sciences. These models rely notably on the concepts of emergence and self-organization and allow us to highlight the roles of interaction within change. Chapter 5 provides ideas on research concerning the various construction approaches of hybrid objects and model couplings.},
	author = {Mathian, Hélène and Sanders, Lena},
	year = {2014}
}

@article{dodane_simuler_2014,
	title = {Simuler les évolutions de l’utilisation du sol pour anticiper le futur d’un territoire. {Analyse} critique d’une expérience de géoprospective dans un bassin versant périurbain de l’agglomération lyonnaise},
	journal = {Cybergeo: European Journal of Geography},
	author = {Dodane, Clément and Joliveau, Thierry and Rivière-Honegger, Anne},
	year = {2014},
	file = {Simuler les évolutions de l’utilisation du sol pour anticiper le futur d’un territoire.pdf:/Users/crousson/Documents/TETIS/Biblio/151025/Simuler les évolutions de l’utilisation du sol pour anticiper le futur d’un territoire.pdf:application/pdf}
}

@article{magliocca_metastudies_2015,
	title = {From meta-studies to modeling: {Using} synthesis knowledge to build broadly applicable process-based land change models},
	volume = {72},
	issn = {1364-8152},
	shorttitle = {From meta-studies to modeling},
	url = {http://www.sciencedirect.com/science/article/pii/S1364815215001723},
	doi = {10.1016/j.envsoft.2015.06.009},
	abstract = {This paper explores how meta-studies can support the development of process-based land change models (LCMs) that can be applied across locations and scales. We describe a multi-step framework for model development and provide descriptions and examples of how meta-studies can be used in each step. We conclude that meta-studies best support the conceptualization and experimentation phases of the model development cycle, but cannot typically provide full model parameterizations. Moreover, meta-studies are particularly useful for developing agent-based LCMs that can be applied across a wide range of contexts, locations, and/or scales, because meta-studies provide both quantitative and qualitative data needed to derive agent behaviors more readily than from case study or aggregate data sources alone. Recent land change synthesis studies provide sufficient topical breadth and depth to support the development of broadly applicable process-based LCMs, as well as the potential to accelerate the production of generalized knowledge through model-driven synthesis.},
	urldate = {2015-10-25},
	journal = {Environmental Modelling \& Software},
	author = {Magliocca, Nicholas R. and van Vliet, Jasper and Brown, Calum and Evans, Tom P. and Houet, Thomas and Messerli, Peter and Messina, Joseph P. and Nicholas, Kimberly A. and Ornetsmüller, Christine and Sagebiel, Julian and Schweizer, Vanessa and Verburg, Peter H. and Yu, Qiangyi},
	month = oct,
	year = {2015},
	keywords = {Agent-based models, Land use change, Meta-analysis, Model development, Model validation, Synthesis},
	pages = {10--20},
	file = {ScienceDirect Full Text PDF:/Users/crousson/Library/Application Support/Zotero/Profiles/vpkxgkve.default/zotero/storage/ZQD86AQG/Magliocca et al. - 2015 - From meta-studies to modeling Using synthesis kno.pdf:application/pdf;ScienceDirect Snapshot:/Users/crousson/Library/Application Support/Zotero/Profiles/vpkxgkve.default/zotero/storage/UESF83VX/S1364815215001723.html:text/html}
}

@article{aubry_les_2015,
	title = {Les agricultures urbaines et les questionnements de la recherche},
	volume = {N° 224},
	issn = {0245-9442},
	url = {http://www.cairn.info/resume.php?ID_ARTICLE=POUR_224_0035},
	language = {fr},
	number = {4},
	urldate = {2015-12-29},
	journal = {Pour},
	author = {Aubry, Christine},
	month = apr,
	year = {2015},
	pages = {35--49},
	file = {Full Text PDF:/Users/crousson/Library/Application Support/Zotero/Profiles/vpkxgkve.default/zotero/storage/ND5VVE8J/Aubry - 2015 - Les agricultures urbaines et les questionnements d.pdf:application/pdf;POUR_224_0035.pdf:/Users/crousson/Documents/TETIS/Biblio/151228/POUR_224_0035.pdf:application/pdf;Snapshot:/Users/crousson/Library/Application Support/Zotero/Profiles/vpkxgkve.default/zotero/storage/S955RFDR/revue-pour-2014-4-p-35.html:text/html}
}

@article{gallo_statistique_2015,
	title = {Statistique, économétrie et espace : progrès et défis en science régionale},
	volume = {mai},
	issn = {0180-7307},
	shorttitle = {Statistique, économétrie et espace},
	url = {http://www.cairn.info/resume.php?ID_ARTICLE=RERU_151_0009},
	language = {fr},
	number = {1},
	urldate = {2015-12-29},
	journal = {Revue d’Économie Régionale \& Urbaine},
	author = {Gallo, Julie Le and Thomas, Isabelle},
	month = jun,
	year = {2015},
	pages = {9--26},
	file = {Full Text PDF:/Users/crousson/Library/Application Support/Zotero/Profiles/vpkxgkve.default/zotero/storage/UMBMW48F/Gallo et Thomas - 2015 - Statistique, économétrie et espace  progrès et dé.pdf:application/pdf;RERU_151_0009.pdf:/Users/crousson/Documents/TETIS/Biblio/151228/RERU_151_0009.pdf:application/pdf;Snapshot:/Users/crousson/Library/Application Support/Zotero/Profiles/vpkxgkve.default/zotero/storage/976WD8QA/revue-d-economie-regionale-et-urbaine-2015-1-p-9.html:text/html}
}

@article{chakir_espace_2015,
	title = {L'espace dans les modèles économétriques d'utilisation des sols : enjeux méthodologiques et applications empiriques},
	volume = {mai},
	issn = {0180-7307},
	shorttitle = {L'espace dans les modèles économétriques d'utilisation des sols},
	url = {http://www.cairn.info/resume.php?ID_ARTICLE=RERU_151_0059},
	language = {fr},
	number = {1},
	urldate = {2015-12-29},
	journal = {Revue d’Économie Régionale \& Urbaine},
	author = {Chakir, Raja},
	month = jun,
	year = {2015},
	pages = {59--82},
	file = {Full Text PDF:/Users/crousson/Library/Application Support/Zotero/Profiles/vpkxgkve.default/zotero/storage/TDVHC6A5/Chakir - 2015 - L'espace dans les modèles économétriques d'utilisa.pdf:application/pdf;RERU_151_0059.pdf:/Users/crousson/Documents/TETIS/Biblio/151228/RERU_151_0059.pdf:application/pdf;Snapshot:/Users/crousson/Library/Application Support/Zotero/Profiles/vpkxgkve.default/zotero/storage/NPZJWCX9/resume.html:text/html}
}

@phdthesis{reux_les_2015,
	type = {phdthesis},
	title = {Les figures de la discontinuité dans le développement résidentiel périurbain : application à la région {Limousin}.},
	shorttitle = {Les figures de la discontinuité dans le développement résidentiel périurbain},
	url = {https://tel.archives-ouvertes.fr/tel-01154594/document},
	abstract = {Alors que la continuité du bâti ne suffit plus pour appréhender l’espace urbain d’aujourd’hui,la discontinuité du tissu urbain est devenue une clé de compréhension de la ville contemporaine et de sonprocessus de formation. Elle suscite l'intérêt des chercheurs, d'autant plus que le déploiement des systèmesd'information géographique offre de nouvelles perspectives de mesure des formes urbaines. Mais, si lestravaux en écologie du paysage ou en géographie permettent de mesurer l'émergence de ces formesdiscontinues, il nous semble important de nous intéresser aux fondements économiques de l'urbanisationdiscontinue qui commencent à faire l’objet de travaux empiriques en économie. La constitution d’une grillede lecture de l’urbanisation discontinue nous permet de comprendre de manière concomitante la formationdes espaces périurbains et les formes de développement de l’habitat à l’échelle parcellaire. Cette rechercheest appliquée au Limousin sur la période 1950-2009. Le prisme de la discontinuité nous apporte un éclairagesur les trajectoires de développement résidentiel des communes de cette région. La construction d’une basede données spatio-temporelles nous offre la possibilité de lire ces trajectoires à partir de l’association demesures de dispersion géographique et de dispersion morphologique de l’habitat. À partir de ces mesuresde dispersion, nous abordons l’articulation des logiques fonctionnelles et morphologiques du développementrésidentiel grâce à la construction d’une base de données multithématiques. Pour comprendre les schémasde localisation des ménages, nous analysons plus particulièrement les problématiques de la production deslogements, de l’interaction entre structure foncière et régulation publique à l’échelle des communes et del’influence des aménités et désaménités des espaces urbains et ruraux sur la dispersion de l’habitat.},
	language = {fr},
	urldate = {2016-01-07},
	school = {Université de Bordeaux},
	author = {Reux, Sara},
	month = jan,
	year = {2015},
	file = {Full Text PDF:/Users/crousson/Library/Application Support/Zotero/Profiles/vpkxgkve.default/zotero/storage/VAU8I46C/Reux - 2015 - Les figures de la discontinuité dans le développem.pdf:application/pdf;Snapshot:/Users/crousson/Library/Application Support/Zotero/Profiles/vpkxgkve.default/zotero/storage/KJQCIG66/tel-01154594.html:text/html}
}

@article{soulard_introduction_2011,
	title = {Introduction : {Innovations} et agricultures urbaines durables},
	copyright = {© Tous droits réservés},
	issn = {0029-182X},
	shorttitle = {Introduction},
	url = {http://norois.revues.org/3816},
	doi = {10.4000/norois.3816},
	abstract = {Certains auteurs parlent d’une nouvelle frontière agraire pour qualifier l’enjeu que représente, pour l’alimentation et la santé des populations urbaines de la planète, la reconquête des liens de proximité entre les villes, la nature et l’agriculture (prospective Agrimonde : Paillard et al., 2009). Le concept d’agriculture urbaine résume bien cette idée. Et l’adosser à celui d’innovation n’est pas une surprise car il s’agit a priori d’un oxymore. En effet, penser l’agriculture en ville, ou à ...},
	language = {fr},
	number = {221},
	urldate = {2015-12-30},
	journal = {Norois. Environnement, aménagement, société},
	author = {Soulard, Christophe-Toussaint and Margetic, Christine and Valette, {\'E}lodie},
	month = dec,
	year = {2011},
	pages = {7--10},
	file = {Full Text PDF:/Users/crousson/Library/Application Support/Zotero/Profiles/vpkxgkve.default/zotero/storage/XB877DFZ/Soulard et al. - 2011 - Introduction  Innovations et agricultures urbaine.pdf:application/pdf;Snapshot:/Users/crousson/Library/Application Support/Zotero/Profiles/vpkxgkve.default/zotero/storage/8B3JHUB5/3816.html:text/html}
}

@article{ba_diversite_2011,
	title = {Diversité et durabilité de l’agriculture urbaine : une nécessaire adaptation des concepts ?},
	copyright = {© Tous droits réservés},
	issn = {0029-182X},
	shorttitle = {Diversité et durabilité de l’agriculture urbaine},
	url = {http://norois.revues.org/3739},
	doi = {10.4000/norois.3739},
	abstract = {L’agriculture urbaine se décline, selon les pays, dans des contextes socio-économiques et environnementaux différents. Cependant, elle interroge de façon similaire certains modèles, concepts et outils de la recherche agronomique. Dans trois cas d’étude (au Sénégal, à Madagascar et en France), des enquêtes socio-économiques ont été réalisées et amènent à renouveler la représentation de la diversité des exploitations, le concept de durabilité et l’analyse de la multifonctionnalité de l’agriculture vue par différents acteurs. Prendre en compte les divers systèmes d’activité du ménage agricole en contexte urbain est indispensable pour comprendre les systèmes de production agricoles ; une notion de double durabilité est proposée, comportant, en plus de la durabilité « interne » de l’exploitation agricole, une durabilité « externe » correspondant à la vision et aux projets que les décideurs urbains et les habitants ont sur l’agriculture. Cette place de l’agriculture dans la planification urbaine dépend en particulier des fonctions qu’elle peut jouer, fonctions que la recherche doit contribuer à mieux éclairer.},
	language = {fr},
	number = {221},
	urldate = {2015-12-30},
	journal = {Norois. Environnement, aménagement, société},
	author = {Ba, Awa and Aubry, Christine},
	collaborator = {Soulard, Christophe and Margétic, Christine and Valette, Élodie},
	month = dec,
	year = {2011},
	keywords = {agriculture urbaine, diversité, durabilité, multifonctionnalité},
	pages = {11--24},
	file = {Full Text PDF:/Users/crousson/Library/Application Support/Zotero/Profiles/vpkxgkve.default/zotero/storage/Q4BCE84Z/Ba et Aubry - 2011 - Diversité et durabilité de l’agriculture urbaine .pdf:application/pdf;Snapshot:/Users/crousson/Library/Application Support/Zotero/Profiles/vpkxgkve.default/zotero/storage/7ZTBMF4K/3739.html:text/html}
}

@article{clement_preserver_2011,
	title = {Préserver les espaces agricoles périurbains face à l’étalement urbain. {Une} problématique locale ?},
	copyright = {© Tous droits réservés},
	issn = {0029-182X},
	url = {http://norois.revues.org/3810},
	doi = {10.4000/norois.3810},
	abstract = {Le devenir des espaces agricoles face à l’étalement urbain est étudié en croisant trois points de vue. Premièrement, nous caractérisons l’étalement urbain consommateur d’espaces agricoles dans deux régions sud européennes : le Languedoc-Roussillon en France et le Nord-Ouest du Portugal. Deuxièmement, nous recensons les documents, règlements et outils de politiques publiques mis à la disposition des acteurs des deux régions d’étude pour réagir à cet étalement urbain en œuvrant pour le développement durable. Troisièmement, nous faisons un zoom sur la mise en œuvre de deux projets locaux contrastés, l’un règlementaire, un Schéma de Cohérence Territoriale (SCoT), en France, et l’autre d’orientation, un Agenda 21 local, au Portugal. Nos résultats montrent que l’étalement urbain se poursuit même s’il ralentit selon les derniers chiffres. Et les nouveaux outils et documents générés par les politiques publiques pour l’endiguer et pour protéger les espaces agricoles, restent peu mobilisés localement. Nous en concluons que la gestion de l’étalement urbain se joue dans les multiples articulations entre le local et les processus englobants.},
	language = {fr},
	number = {221},
	urldate = {2015-12-30},
	journal = {Norois. Environnement, aménagement, société},
	author = {Clément, Camille and Abrantes, Patricia},
	collaborator = {Soulard, Christophe and Margétic, Christine and Valette, Élodie},
	month = dec,
	year = {2011},
	keywords = {analyse spatiale, développement durable, PLANIFICATION},
	pages = {67--82},
	file = {Full Text PDF:/Users/crousson/Library/Application Support/Zotero/Profiles/vpkxgkve.default/zotero/storage/9XGD24C4/Clément et Abrantes - 2011 - Préserver les espaces agricoles périurbains face à.pdf:application/pdf;Snapshot:/Users/crousson/Library/Application Support/Zotero/Profiles/vpkxgkve.default/zotero/storage/4SE9QESX/3810.html:text/html}
}

@article{serrano_consommation_2011,
	title = {Consommation d’espace agricole et relations entre acteurs privés et publics : un management en faveur de l’artificialisation},
	copyright = {© Tous droits réservés},
	issn = {0029-182X},
	shorttitle = {Consommation d’espace agricole et relations entre acteurs privés et publics},
	url = {http://norois.revues.org/3799},
	doi = {10.4000/norois.3799},
	abstract = {À partir de l’examen de l’usage de l’espace, l’objectif de l’article est d’analyser une politique de développement local dans les espaces périurbains. L’usage des sols y fait l’objet d’une concurrence intense entre les différents acteurs économiques. Les élus locaux à travers le contrôle de l’affectation des sols sont en position d’arbitrer. L’article est centré sur les relations entre les acteurs économiques privés et les élus locaux. Allant à l’encontre des préconisations du développement durable, il ressort que les élus encouragent la consommation d’espace. Ils considèrent l’espace agricole comme une réserve foncière pour répondre aux acteurs privés et négligent la fonction de production alimentaire.},
	language = {fr},
	number = {221},
	urldate = {2015-12-30},
	journal = {Norois. Environnement, aménagement, société},
	author = {Serrano, José and Vianey, Gisèle},
	collaborator = {Soulard, Christophe and Margétic, Christine and Valette, Élodie},
	month = dec,
	year = {2011},
	keywords = {consommation d’espace, espace périurbain, gestion de l’espace, Vu, zone d’activités},
	pages = {111--124},
	file = {Full Text PDF:/Users/crousson/Library/Application Support/Zotero/Profiles/vpkxgkve.default/zotero/storage/ZK8GUV84/Serrano et Vianey - 2011 - Consommation d’espace agricole et relations entre .pdf:application/pdf;Serrano et Vianey - 2011 - Consommation d’espace agricole et relations entre .pdf:/Users/crousson/Documents/TETIS/Biblio/151229/Serrano et Vianey - 2011 - Consommation d’espace agricole et relations entre .pdf:application/pdf;Snapshot:/Users/crousson/Library/Application Support/Zotero/Profiles/vpkxgkve.default/zotero/storage/PSCUCSWD/3799.html:text/html}
}

@article{theys_gouvernance_2002,
	title = {La {Gouvernance}, entre innovation et impuissance},
	copyright = {© Développement durable et territoires},
	issn = {1772-9971},
	url = {https://developpementdurable.revues.org/1523},
	doi = {10.4000/developpementdurable.1523},
	abstract = {Le terme de « gouvernance » s’est imposé au cours des années 90 comme le symbole d’une nouvelle modernité dans les modes d’action publique et est devenu, en quelques années, un des lieux communs du vocabulaire de l’aménagement du territoire. Néanmoins, cette banalisation, comme les critiques qu’a pu susciter cette notion, ne doivent pas faire oublier les potentialités d’innovations qu’elle recèle. Partant de ces constats et de ce postulat, l’auteur propose dans cet article une réflexion théorique et critique sur la notion de « gouvernance » en s’appuyant notamment sur les innovations en la matière qui ont eu pour cadre le champ environnemental depuis une vingtaine d’années. La notion de gouvernance et les usages qui en sont fait sont interrogés directement dans un premier temps, afin d’en affiner le contenu au-delà de la simple définition de « boîte à outils » managériale. Les potentialités théoriques de la notion de gouvernance sont ensuite discutées et critiquées à partir des exemples concrets d’innovations procédurales qui se sont multipliées dans le champs de l’environnement.},
	language = {fr},
	number = {Dossier 2},
	urldate = {2016-01-13},
	journal = {Développement durable et territoires. Économie, géographie, politique, droit, sociologie},
	author = {Theys, Jacques},
	month = nov,
	year = {2002},
	keywords = {démocratie cognitive, environnement, gouvernabilité, gouvernementalité, innovations procédurales},
	file = {Full Text PDF:/Users/crousson/Library/Application Support/Zotero/Profiles/vpkxgkve.default/zotero/storage/R3KE5TKR/Theys - 2002 - La Gouvernance, entre innovation et impuissance.pdf:application/pdf;Snapshot:/Users/crousson/Library/Application Support/Zotero/Profiles/vpkxgkve.default/zotero/storage/2BXJHFDD/1523.html:text/html}
}

@article{mansfield_municipal_2013,
	title = {Municipal {Food} {Strategies} and {Integrated} {Approaches} to {Urban} {Agriculture}: {Exploring} {Three} {Cases} from the {Global} {North}},
	volume = {18},
	url = {http://dx.doi.org/10.1080/13563475.2013.750942},
	doi = {10.1080/13563475.2013.750942},
	number = {1},
	journal = {International Planning Studies},
	author = {Mansfield, Brent and Mendes, Wendy},
	year = {2013},
	pages = {37--60}
}

@inproceedings{godard_strategies_1993,
	address = {Paris},
	title = {Stratégies industrielles et conventions d'environnement. {De} l'univers stabilisé aux univers controversés},
	booktitle = {{INSEE} {Méthodes}},
	author = {Godard, Olivier},
	month = feb,
	year = {1993},
	file = {imethode39-40.pdf:/Users/crousson/Library/Application Support/Zotero/Profiles/vpkxgkve.default/zotero/storage/GEJF5DAN/imethode39-40.pdf:application/pdf}
}

@incollection{rousset_roles_2015,
	title = {Rôles et ambition des {Régions} dans la construction des politiques agricoles et de développement rural : vers une approche intégrée entre filières et territoires},
	booktitle = {Des territoires à penser},
	publisher = {L'aube},
	author = {Rousset, Alain},
	month = jan,
	year = {2015},
	pages = {81--89}
}

@techreport{centre_detudes_et_de_prospective_recours_2014,
	title = {Le recours aux satellites en agriculture : évolutions récentes et perspectives},
	number = {Analyse n°67},
	institution = {Ministère de l’Agriculture, de l’Agro-Alimentaire et de la Forêt},
	author = {{Centre d'Études et de Prospective}},
	year = {2014}
}